@misc{wikipedia1,
  title 	= "Scripting language",
  author 	= "Wikipedia",
  number  	= "1",
  url 		= "http://en.wikipedia.org/wiki/Scripting_language",
  year 		= 2014,
}

@misc{wikipedia2,
  title 	= "Acripting language",
  author 	= "Wikipedia",
  number  	= "2",
  url 		= "http://en.wikipedia.org/wiki/Scripting_language",
  year 		= 2014,
}

@article{greenwade93,
    author  = "George D. Greenwade",
    title   = "The {C}omprehensive {T}ex {A}rchive {N}etwork ({CTAN})",
    year    = "1993",
    journal = "TUGBoat",
    volume  = "14",
    number  = "4",
    pages   = "342--351"
}

@book{goossens93,
    author    = "Michel Goossens and Frank Mittelbach and Alexander Samarin",
    title     = "The LaTeX Companion",
    year      = "1993",
    number    = "5",
    publisher = "Addison-Wesley",
    address   = "Reading, Massachusetts"
}

@book{Davies_Machine_Vision,
    author    = "E.R. Davies",
    title     = "Computer and Machine Vision: Theory, Algorithms, Practicalities",
    year      = "2012",
	isbn 	  = 978-0-12-386908-1
    number    = "5",
    publisher = "Elsevier",
    address   = "225 WYman Street, Waltham, 02451, USA"
}

@misc{Machine_Vision_Intro,
	title 	= "Introduction to Machine Vision"
	author 	= "Cognex"
	number	= "6"
	url 	= "http://www.assemblymag.com/ext/resources/White_Papers/Sep16/Introduction-to-Machine-Vision.pdf"
	year 	= 2016
}

@article{Mazurek_Robot_Viterbi,
	title 	= "Line Following with Real-Time Viterbi Trac-Before-Detect Algorithm"
	author 	= "Grzegorz Matczak, Przemysław Mazurek"
	year 	= 2017
	journal = "Przegląd Elektrotechniczny"
	volume 	= "1/2017"
	number 	= "7"
	pages 	= 69--72 
}


	